<?xml version="1.0" encoding="UTF-8"?><record xmlns="http://www.loc.gov/MARC21/slim" xmlns:cinclude="http://apache.org/cocoon/include/1.0" xmlns:zs="http://www.loc.gov/zing/srw/">
  <leader>00500nz  a2200157n  4500</leader>
  <controlfield tag="001">n 2010000254</controlfield>
  <controlfield tag="003">DLC</controlfield>
  <controlfield tag="005">20100105075304.0</controlfield>
  <controlfield tag="008">100104n| acannaabn          |b ana      </controlfield>
  <datafield tag="010" ind1=" " ind2=" ">
    <subfield code="a">n 2010000254</subfield>
  </datafield>
  <datafield tag="040" ind1=" " ind2=" ">
    <subfield code="a">DLC</subfield>
    <subfield code="b">eng</subfield>
    <subfield code="c">DLC</subfield>
  </datafield>
  <datafield tag="110" ind1="1" ind2=" ">
    <subfield code="a">China (Republic : 1949- )</subfield>
    <subfield code="t">Laws, etc. (Mo fan xin liu fa)</subfield>
  </datafield>
  <datafield tag="410" ind1="1" ind2=" ">
    <subfield code="a">China (Republic : 1949- )</subfield>
    <subfield code="t">Mo fan xin liu fa</subfield>
  </datafield>
  <datafield tag="410" ind1="1" ind2=" ">
    <subfield code="a">China (Republic : 1949- )</subfield>
    <subfield code="t">模範新六法</subfield>
  </datafield>
  <datafield tag="667" ind1=" " ind2=" ">
    <subfield code="a">Non-Latin script reference not evaluated</subfield>
  </datafield>
  <datafield tag="670" ind1=" " ind2=" ">
    <subfield code="a">Mo fan xin liu fa,  2008</subfield>
  </datafield>
</record>